<?xml version="1.0" encoding="UTF-8"?><collection xmlns="http://www.loc.gov/MARC21/slim"><record><leader>00381nam--2200133-i-4500</leader><controlfield tag="001">000035678</controlfield><controlfield tag="002">20161230</controlfield><controlfield tag="005">20161230201040</controlfield><controlfield tag="008">060222s1000------------r-----000-0-eng-d</controlfield><datafield ind1=" " ind2=" " tag="080"><subfield code="a">541.515L547.1(061.3)</subfield></datafield><datafield ind1=" " ind2=" " tag="245"><subfield code="a">Organic free radicals. a o s symposium. series 69</subfield></datafield><datafield ind1=" " ind2=" " tag="260"><subfield code="a">Washington, American Chemical Society, 1978, Xxiii + 471p</subfield></datafield><datafield ind1=" " ind2=" " tag="700"><subfield code="a">Pryor, William A</subfield></datafield><datafield ind1=" " ind2=" " tag="852"><subfield code="a">47024</subfield></datafield></record></collection>